<?xml version="1.0" encoding="UTF-8"?><collection xmlns="http://www.loc.gov/MARC21/slim"><record><leader>00394nam--2200169-i-4500</leader><controlfield tag="001">000036863</controlfield><controlfield tag="002">20161230</controlfield><controlfield tag="005">20170204202502</controlfield><controlfield tag="008">060222s1000------------r-----000-0-eng-d</controlfield><datafield ind1=" " ind2=" " tag="080"><subfield code="a">51</subfield></datafield><datafield ind1=" " ind2=" " tag="100"><subfield code="a">Popescu, Liliana</subfield></datafield><datafield ind1=" " ind2=" " tag="245"><subfield code="a">Theory of categories</subfield></datafield><datafield ind1=" " ind2=" " tag="260"><subfield code="a">Bucuresti</subfield><subfield code="b">Ed.Acad</subfield><subfield code="c">1979</subfield></datafield><datafield ind1=" " ind2=" " tag="300"><subfield code="a">337 p</subfield></datafield><datafield ind1=" " ind2=" " tag="700"><subfield code="a">Popescu, Nicolae</subfield></datafield><datafield ind1=" " ind2=" " tag="852"><subfield code="a">79726</subfield></datafield><datafield ind1=" " ind2=" " tag="CAT"><subfield code="a">SYS</subfield><subfield code="c">20170204</subfield><subfield code="h">202502</subfield></datafield></record></collection>